<collection xmlns="http://www.loc.gov/MARC21/slim"><record><leader>00805nam  2200241   450</leader><controlfield tag="001">617</controlfield><controlfield tag="003">http://montalegre.opacnet.com/OPAC/default.aspx?ContentAreaControl=ShowRegHoldings.ascx&amp;RegNo=16662</controlfield><controlfield tag="005">20</controlfield><datafield tag="021" ind1=" " ind2=" "><subfield code="a">PT</subfield><subfield code="b">18494/87</subfield></datafield><datafield tag="095" ind1=" " ind2=" "><subfield code="a">PTBN00110394</subfield></datafield><datafield tag="100" ind1=" " ind2=" "><subfield code="a">20061013d1987    de y0pora0103    ba</subfield></datafield><datafield tag="101" ind1="0" ind2=" "><subfield code="a">por</subfield></datafield><datafield tag="102" ind1=" " ind2=" "><subfield code="a">PT</subfield></datafield><datafield tag="200" ind1="1" ind2=" "><subfield code="a">&lt;O &gt;senhor Leopardo</subfield><subfield code="f">Ilse Lose</subfield><subfield code="g">ilust.: Raúl Ramalho</subfield></datafield><datafield tag="210" ind1=" " ind2=" "><subfield code="a">Lisboa</subfield><subfield code="c">Horizonte</subfield><subfield code="d">1987</subfield></datafield><datafield tag="215" ind1=" " ind2=" "><subfield code="a">37, [2] p.</subfield><subfield code="c">il.</subfield><subfield code="d">23 cm</subfield></datafield><datafield tag="225" ind1="2" ind2=" "><subfield code="a">Pássaro livre</subfield><subfield code="v">58</subfield></datafield><datafield tag="675" ind1=" " ind2=" "><subfield code="a">821.134.3-93</subfield></datafield><datafield tag="700" ind1=" " ind2="1"><subfield code="a">Losa</subfield><subfield code="b">Ilse</subfield><subfield code="f">1913-2006</subfield><subfield code="2">Autoridade</subfield><subfield code="3">PT-----------2013112612320005977</subfield></datafield><datafield tag="702" ind1=" " ind2="1"><subfield code="a">Ramalho</subfield><subfield code="b">Raúl</subfield><subfield code="4">440</subfield></datafield><datafield tag="801" ind1=" " ind2="0"><subfield code="a">PT</subfield><subfield code="b">Biblioteca Municipal de Montalegre</subfield><subfield code="g">RPC</subfield></datafield><datafield tag="856" ind1=" " ind2=" "><subfield code="u">locateMedia.asp?cod=20060522161658&amp;ext=jpg</subfield><subfield code="z">CAPA</subfield></datafield><datafield tag="909" ind1="&#9;" ind2=" "><subfield code="a">2</subfield></datafield><datafield tag="966" ind1=" " ind2=" "><subfield code="a">0001599</subfield><subfield code="l">BMM</subfield><subfield code="s">SI 82-93 LOS sen 58</subfield></datafield><datafield tag="966" ind1=" " ind2=" "><subfield code="a">0001693</subfield><subfield code="l">BMM</subfield><subfield code="s">SI 821.134.3-93 LOS sen</subfield></datafield></record></collection>